@misc{chervov2025machinelearningapproachbeats,
      title={A Machine Learning Approach That Beats Large Rubik's Cubes}, 
      author={Alexander Chervov and Kirill Khoruzhii and Nikita Bukhal and Jalal Naghiyev and Vladislav Zamkovoy and Ivan Koltsov and Lyudmila Cheldieva and Arsenii Sychev and Arsenii Lenin and Mark Obozov and Egor Urvanov and Alexey Romanov},
      year={2025},
      eprint={2502.13266},
      archivePrefix={arXiv},
      primaryClass={cs.LG},
      url={https://arxiv.org/abs/2502.13266}, 
}

@article{babai1989small,
  title={Small-diameter Cayley graphs for finite simple groups},
  author={Babai, L{\'a}szl{\'o} and Kantor, William M and Lubotsky, Alexander},
  journal={European Journal of Combinatorics},
  volume={10},
  number={6},
  pages={507--522},
  year={1989},
  publisher={Elsevier}
}

@inproceedings{kuppili2020upper,
  title={An Upper Bound for Sorting R n with LRE},
  author={Kuppili, Sai Satwik and Chitturi, Bhadrachalam and Ravella, Venkata Vyshnavi and Datta, CK Phani},
  booktitle={International Advanced Computing Conference},
  pages={283--295},
  year={2020},
  organization={Springer}
}

@article{diaconis1977spearman,
  title={Spearman's footrule as a measure of disarray},
  author={Diaconis, Persi and Graham, Ronald L},
  journal={Journal of the Royal Statistical Society Series B: Statistical Methodology},
  volume={39},
  number={2},
  pages={262--268},
  year={1977},
  publisher={Oxford University Press}
}

@incollection{diaconis1988metrics,
  title={Metrics on Groups, and Their Statistical Uses},
  author={Diaconis, Persi},
  booktitle={Group representations in probability and statistics},
  volume={11},
  pages={102--131},
  year={1988},
  publisher={Institute of Mathematical Statistics}
}

@article{chatterjee2017central,
  title={A central limit theorem for a new statistic on permutations},
  author={Chatterjee, Sourav and Diaconis, Persi},
  journal={Indian Journal of Pure and Applied Mathematics},
  volume={48},
  number={4},
  pages={561--573},
  year={2017},
  publisher={Springer}
}

@article{angel2007random,
  title={Random sorting networks},
  author={Angel, Omer and Holroyd, Alexander E and Romik, Dan and Vir{\'a}g, B{\'a}lint},
  journal={Advances in Mathematics},
  volume={215},
  number={2},
  pages={839--868},
  year={2007},
  publisher={Elsevier}
}

@article{diaconis1993comparison,
  title={Comparison techniques for random walk on finite groups},
  author={Diaconis, Persi and Saloff-Coste, Laurent},
  journal={The Annals of Probability},
  pages={2131--2156},
  year={1993},
  publisher={JSTOR}
}


@book{singmaster1981notes,
  title={Notes on Rubik's Magic Cube},
  author={Singmaster, D.},
  isbn={9780894900433},
  lccn={80027751},
  url={https://books.google.kz/books?id=UGIPAQAAMAAJ},
  year={1981},
  publisher={Enslow Publishers}
}

@article{swirszcz2025advancing,
  title={Advancing Geometry with AI: Multi-agent Generation of Polytopes},
  author={Swirszcz, Grzegorz and Wagner, Adam Zsolt and Williamson, Geordie and Blackwell, Sam and Georgiev, Bogdan and Davies, Alex and Eslami, Ali and Racaniere, Sebastien and Weber, Theophane and Kohli, Pushmeet},
  journal={arXiv preprint arXiv:2502.05199},
  year={2025}
}

@book{Sutton1998,
  added-at = {2019-07-13T10:11:53.000+0200},
  author = {Sutton, Richard S. and Barto, Andrew G.},
  biburl = {https://www.bibsonomy.org/bibtex/2f46601cf8b13d39d1378af0d79438b12/lanteunis},
  edition = {Second},
  interhash = {ac6b144aaec1819919a2fba9f705c852},
  intrahash = {f46601cf8b13d39d1378af0d79438b12},
  keywords = {},
  publisher = {The MIT Press},
  timestamp = {2019-07-13T10:11:53.000+0200},
  title = {Reinforcement Learning: An Introduction},
  url = {http://incompleteideas.net/book/the-book-2nd.html},
  year = {2018 }
}

%% Journal article
@book{rubik2020cubed,
  title={Cubed: The Puzzle of Us All},
  author={Rubik, Erno},
  year={2020},
  publisher={Hachette UK}
}

@article{helfgott2014diameter,
  title={On the diameter of permutation groups},
  author={Helfgott, Harald A and Seress, {\'A}kos},
  journal={Annals of mathematics},
  pages={611--658},
  year={2014},
  publisher={JSTOR}
}

@inproceedings{babai2004diameter,
  title={On the diameter of the symmetric group: polynomial bounds},
  author={Babai, L{\'a}szl{\'o} and Beals, Robert and Seress, {\'A}kos},
  booktitle={SODA},
  pages={1108--1112},
  year={2004}
}

@article{bamberg2014bounds,
  title={Bounds on the diameter of Cayley graphs of the symmetric group},
  author={Bamberg, John and Gill, Nick and Hayes, Thomas P and Helfgott, Harald A and Seress, {\'A}kos and Spiga, Pablo},
  journal={Journal of Algebraic Combinatorics},
  volume={40},
  number={1},
  pages={1--22},
  year={2014},
  publisher={Springer}
}

@article{babai1988diameter,
  title={On the diameter of Cayley graphs of the symmetric group},
  author={Babai, L{\'a}szl{\'o} and Seress, {\'A}kos},
  journal={Journal of combinatorial theory, Series A},
  volume={49},
  number={1},
  pages={175--179},
  year={1988},
  publisher={Elsevier}
}

@article{gates1979bounds,
  title={Bounds for sorting by prefix reversal},
  author={Gates, William H and Papadimitriou, Christos H},
  journal={Discrete mathematics},
  volume={27},
  number={1},
  pages={47--57},
  year={1979},
  publisher={Elsevier}
}


@book{van2002inventing,
  title={Inventing the 20th Century: 100 Inventions that Shaped the World from the Airplane to the Zipper},
  author={Van Dulken, Stephen},
  year={2002},
  publisher={NYU Press}
}

@article{zeng2018overview,
  title={{Overview of Rubik’s cube and reflections on its application in mechanism}},
  author={Zeng, Da-Xing and Li, Ming and Wang, Juan-Juan and Hou, Yu-Lei and Lu, Wen-Juan and Huang, Zhen},
  journal={Chinese Journal of Mechanical Engineering},
  volume={31},
  pages={1--12},
  year={2018},
  publisher={Springer},
  doi={10.1186/s10033-018-0269-7}
}

@article{agostinelli2019solving,
  title={{Solving the Rubik’s cube with deep reinforcement learning and search}},
  author={Agostinelli, Forest and McAleer, Stephen and Shmakov, Alexander and Baldi, Pierre},
  journal={Nature Machine Intelligence},
  volume={1},
  number={8},
  pages={356--363},
  year={2019},
  publisher={Nature Publishing Group UK London},
  doi={10.1038/s42256-019-0070-z}
}

@inproceedings{mcaleer2019solving,
  title={{Solving the rubik's cube with approximate policy iteration}},
  author={McAleer, Stephen and Agostinelli, Forest and Shmakov, AK and Baldi, Pierre},
  booktitle={International Conference on Learning Representations},
  year={2019}
}



@misc{bedaywi2023solving,
title={{Solving the Rubik’s Cube via Sequence Modeling using
Transformer-based Models}},
author={Bedaywi, Mark and Longtai, (Ted) Deng and Shaul, Francus},
year={2023},
url={https://github.com/tedtedtedtedtedted/Solve-Rubiks-Cube-Via-Transformer/blob/main/Report.pdf}
}



@misc{rokicki2016cube,
title={{cube20}},
author={Rokicki, T.},
url={https://github.com/rokicki/cube20src},
year={2016}
}

@inproceedings{demaine2011algorithms,
  title={Algorithms for solving Rubik’s cubes},
  author={Demaine, Erik D and Demaine, Martin L and Eisenstat, Sarah and Lubiw, Anna and Winslow, Andrew},
  booktitle={Algorithms--ESA 2011: 19th Annual European Symposium, Saarbr{\"u}cken, Germany, September 5-9, 2011. Proceedings 19},
  pages={689--700},
  year={2011},
  organization={Springer}
}

@manual{GAP4,
  author       = "{The GAP~Group}",
  title        = "{GAP -- Groups, Algorithms, and Programming, Version 4.12.2}",
  year         = 2024,
  url          = "https://www.gap-system.org",
  note         = "Available at: \url{https://www.gap-system.org}"
}

@article{bulteau2015pancake,
  title={Pancake flipping is hard},
  author={Bulteau, Laurent and Fertin, Guillaume and Rusu, Irena},
  journal={Journal of Computer and System Sciences},
  volume={81},
  number={8},
  pages={1556--1574},
  year={2015},
  publisher={Elsevier}
}

@article{demaine2017solving,
  title={Solving the Rubik's Cube Optimally is NP-complete},
  author={Demaine, Erik D and Eisenstat, Sarah and Rudoy, Mikhail},
  journal={arXiv preprint arXiv:1706.06708},
  year={2017}
}

@article{even1981minimum,
  title={The minimum-length generator sequence problem is NP-hard},
  author={Even, Shimon and Goldreich, Oded},
  journal={Journal of Algorithms},
  volume={2},
  number={3},
  pages={311--313},
  year={1981},
  publisher={Elsevier}
}

@article{jerrum1985complexity,
  title={The complexity of finding minimum-length generator sequences},
  author={Jerrum, Mark R},
  journal={Theoretical Computer Science},
  volume={36},
  pages={265--289},
  year={1985},
  publisher={Elsevier}
}

@article{zemor1994hash,
  title={Hash functions and Cayley graphs},
  author={Z{\'e}mor, Gilles},
  journal={Designs, Codes and Cryptography},
  volume={4},
  number={3},
  pages={381--394},
  year={1994},
  publisher={Springer}
}

@article{hoory2006expander,
  title={Expander graphs and their applications},
  author={Hoory, Shlomo and Linial, Nathan and Wigderson, Avi},
  journal={Bulletin of the American Mathematical Society},
  volume={43},
  number={4},
  pages={439--561},
  year={2006}
}

@incollection{heydemann1997cayley,
  title={Cayley graphs and interconnection networks},
  author={Heydemann, Marie-Claude},
  booktitle={Graph symmetry: algebraic methods and applications},
  pages={167--224},
  year={1997},
  publisher={Springer}
}

@inproceedings{Pevzner1995human2mice,
  title={Transforming men into mice (polynomial algorithm for genomic distance problem)},
  author={Hannenhalli, Sridhar and Pevzner, Pavel A},
  booktitle={Proceedings of IEEE 36th annual foundations of computer science},
  pages={581--592},
  year={1995},
  organization={IEEE}
}

@article{Pevzner1999cabbage2turnip,
  title={Transforming cabbage into turnip: polynomial algorithm for sorting signed permutations by reversals},
  author={Hannenhalli, Sridhar and Pevzner, Pavel A},
  journal={Journal of the ACM (JACM)},
  volume={46},
  number={1},
  pages={1--27},
  year={1999},
  publisher={ACM New York, NY, USA}
}

@misc{
chasmai2022cubetr,
title={{Cube{TR}: Learning to Solve the Rubik's Cube using Transformers}},
author={Mustafa Ebrahim Chasmai},
year={2022},
url={https://openreview.net/forum?id=wGLGG4918oc}
}



@article{freitag2017beam,
  title={Beam search strategies for neural machine translation},
  author={Freitag, Markus and Al-Onaizan, Yaser},
  journal={arXiv preprint arXiv:1702.01806},
  year={2017}
}

@article{pryzant2023automatic,
  title={Automatic prompt optimization with" gradient descent" and beam search},
  author={Pryzant, Reid and Iter, Dan and Li, Jerry and Lee, Yin Tat and Zhu, Chenguang and Zeng, Michael},
  journal={arXiv preprint arXiv:2305.03495},
  year={2023}
}

@inproceedings{musolesi2024creative,
  title={Creative Beam Search: LLM-as-a-Judge for Improving Response Generation},
  author={Musolesi, Mirco},
  year={2024},
  organization={ICCC}
}

@article{hale2018finding,
  title={Finding syntax in human encephalography with beam search},
  author={Hale, John and Dyer, Chris and Kuncoro, Adhiguna and Brennan, Jonathan R},
  journal={arXiv preprint arXiv:1806.04127},
  year={2018}
}

@article{huang2019linearfold,
  title={LinearFold: linear-time approximate RNA folding by 5'-to-3'dynamic programming and beam search},
  author={Huang, Liang and Zhang, He and Deng, Dezhong and Zhao, Kai and Liu, Kaibo and Hendrix, David A and Mathews, David H},
  journal={Bioinformatics},
  volume={35},
  number={14},
  pages={i295--i304},
  year={2019},
  publisher={Oxford University Press}
}

@inproceedings{scheidl2018word,
  title={Word beam search: A connectionist temporal classification decoding algorithm},
  author={Scheidl, Harald and Fiel, Stefan and Sablatnig, Robert},
  booktitle={2018 16th International conference on frontiers in handwriting recognition (ICFHR)},
  pages={253--258},
  year={2018},
  organization={IEEE}
}

@article{ruiz2024quantum,
  title={Quantum circuit optimization with alphatensor},
  author={Ruiz, Francisco JR and Laakkonen, Tuomas and Bausch, Johannes and Balog, Matej and Barekatain, Mohammadamin and Heras, Francisco JH and Novikov, Alexander and Fitzpatrick, Nathan and Romera-Paredes, Bernardino and van de Wetering, John and others},
  journal={arXiv preprint arXiv:2402.14396},
  year={2024}
}

@article{sarkar2024quantum,
  title={Quantum circuit model for discrete-time three-state quantum walks on Cayley graphs},
  author={Sarkar, Rohit Sarma and Adhikari, Bibhas},
  journal={Physical Review A},
  volume={110},
  number={1},
  pages={012617},
  year={2024},
  publisher={APS}
}
@article{keeler2023clifford,
  title={Clifford Orbits from Cayley Graph Quotients},
  author={Keeler, Cynthia and Munizzi, William and Pollack, Jason},
  journal={arXiv preprint arXiv:2306.01043},
  year={2023}
}

@article{facer2008quantum,
  title={Quantum Cayley networks of the hypercube},
  author={Facer, Christopher and Twamley, Jason and Cresser, James},
  journal={Physical Review A—Atomic, Molecular, and Optical Physics},
  volume={77},
  number={1},
  pages={012334},
  year={2008},
  publisher={APS}
}
@article{gromada2022some,
  title={Some examples of quantum graphs},
  author={Gromada, Daniel},
  journal={Letters in Mathematical Physics},
  volume={112},
  number={6},
  pages={122},
  year={2022},
  publisher={Springer}
}

@article{acevedo2006exploring,
  title={Exploring scalar quantum walks on Cayley graphs},
  author={Acevedo, Olga Lopez and Roland, J{\'e}r{\'e}mie and Cerf, Nicolas J},
  journal={arXiv preprint quant-ph/0609234},
  year={2006}
}

@inproceedings{dinur2023good,
  title={Good quantum LDPC codes with linear time decoders},
  author={Dinur, Irit and Hsieh, Min-Hsiu and Lin, Ting-Chun and Vidick, Thomas},
  booktitle={Proceedings of the 55th annual ACM symposium on theory of computing},
  pages={905--918},
  year={2023}
}

@article{jeevan2022performance,
  title={{On the performance analysis of solving the Rubik’s cube using swarm intelligence algorithms}},
  author={Jeevan, Jishnu and Nair, Madhu S},
  journal={Applied Artificial Intelligence},
  volume={36},
  number={1},
  pages={2138129},
  year={2022},
  publisher={Taylor \& Francis},
  doi={10.1080/08839514.2022.2138129}
}


@article{meinz2023ability,
  title={{Ability and Nonability Predictors of Real-World Skill Acquisition: The Case of Rubik’s Cube Solving}},
  author={Meinz, Elizabeth J and Hambrick, David Z and Leach, James J and Boschulte, Prairie J},
  journal={Journal of Intelligence},
  volume={11},
  number={1},
  pages={18},
  year={2023},
  publisher={MDPI},
  doi={10.3390/jintelligence11010018}
}

@inproceedings{cooperman1991applications,
  title={Applications of cayley graphs},
  author={Cooperman, Gene and Finkelstein, Larry and Sarawagi, Namita},
  booktitle={Applied Algebra, Algebraic Algorithms and Error-Correcting Codes: 8th International Conference, AAECC-8 Tokyo, Japan, August 20--24, 1990 Proceedings 8},
  pages={367--378},
  year={1991},
  organization={Springer},
  doi={10.1007/3-540-54195-0_65}
}

@misc{santa-2023,
    author = {Ryan Holbrook and Walter Reade and Addison Howard},
    title = {Santa 2023 - The Polytope Permutation Puzzle},
    year = {2023},
    howpublished = {\url{https://kaggle.com/competitions/santa-2023}},
    note = {Kaggle}
}

@inproceedings{perozzi2014deepwalk,
  title={Deepwalk: Online learning of social representations},
  author={Perozzi, Bryan and Al-Rfou, Rami and Skiena, Steven},
  booktitle={Proceedings of the 20th ACM SIGKDD international conference on Knowledge discovery and data mining},
  pages={701--710},
  year={2014}
}

@inproceedings{grover2016node2vec,
  title={node2vec: Scalable feature learning for networks},
  author={Grover, Aditya and Leskovec, Jure},
  booktitle={Proceedings of the 22nd ACM SIGKDD international conference on Knowledge discovery and data mining},
  pages={855--864},
  year={2016}
}

@misc{hirata2024graph, 
  author		= {Hirata, So},
  title			= {{Graph-theoretical estimates of the diameters of the Rubik's Cube groups}}, 
  year			= {2024},
  note			= "Preprint at \url{https://arxiv.org/pdf/2407.12961}",
  doi             = {10.48550/arXiv.2407.12961}
}

@article{swita2023solving,
  title={{Solving Full N$\times$ N$\times$ N Rubik’s Supercube Using Genetic Algorithm}},
  author={{\'S}wita, Robert and Suszy{\'n}ski, Zbigniew},
  journal={International Journal of Computer Games Technology},
  volume={2023},
  number={1},
  pages={2445335},
  year={2023},
  publisher={Wiley Online Library},
  doi={10.1155/2023/2445335}
}


@misc{walton_rubiks_2018,
  author       = {Daniel Walton},
  title        = {rubiks-cube-NxNxN-solver},
  year         = {2018},
  url          = {https://github.com/dwalton76/rubiks-cube-NxNxN-solver},
  note         = {https://www.kaggle.com/code/seanbearden/solve-all-nxnxn-cubes-w-traditional-solution-state}
}


@article{noever2022puzzle,
  title={{Puzzle Solving without Search or Human Knowledge: An Unnatural Language Approach}},
  author={Noever, David and Burdick, Ryerson},
  journal={Computer Science \& Information Technology (CS \& IT) },
  volume={12},
  number={9},
  pages={21--31},
  year={2022},
  publisher={AIRCC},
  doi={10.5121/csit.2022.120902}
}
@article{chen2021decision,
  title={{Decision transformer: Reinforcement learning via sequence modeling}},
  author={Chen, Lili and Lu, Kevin and Rajeswaran, Aravind and Lee, Kimin and Grover, Aditya and Laskin, Misha and Abbeel, Pieter and Srinivas, Aravind and Mordatch, Igor},
  journal={Advances in neural information processing systems},
  volume={34},
  pages={15084--15097},
  year={2021},
  url = {https://proceedings.neurips.cc/paper_files/paper/2021/file/7f489f642a0ddb10272b5c31057f0663-Paper.pdf}
}


@inproceedings{sturtevant2013minimizing,
author = {Sturtevant, Nathan R. and Rutherford, Matthew J.},
title = {{Minimizing writes in parallel external memory search}},
year = {2013},
isbn = {9781577356332},
publisher = {AAAI Press},
booktitle = {Proceedings of the Twenty-Third International Joint Conference on Artificial Intelligence},
pages = {666–673},
numpages = {8},
address = {Beijing, China},
series = {IJCAI '13},
url = {https://dl.acm.org/doi/abs/10.5555/2540128.2540225}
}
%doi = {10.5555/2540128.2540225}


@article{korf2008linear,
  title={Linear-time disk-based implicit graph search},
  author={Korf, Richard E},
  journal={Journal of the ACM (JACM)},
  volume={55},
  number={6},
  pages={1--40},
  year={2008},
  publisher={ACM New York, NY, USA}
}

@article{chen2014rubik,
  title={Rubik's cube: An energy perspective},
  author={Chen, Yiing-Rei and Lee, Chi-Lun},
  journal={Physical Review E},
  volume={89},
  number={1},
  pages={012815},
  year={2014},
  publisher={APS}
}

@article{gower2024saddles,
  title={Saddles-to-minima topological crossover and glassiness in the Rubik's Cube},
  author={Gower, Alex and Hart, Oliver and Castelnovo, Claudio},
  journal={arXiv preprint arXiv:2410.14552},
  year={2024}
}

@article{petit2013rubik,
  title={Rubik's for cryptographers},
  author={Petit, Christophe and Quisquater, Jean-Jacques},
  journal={Notices of the American Mathematical Society},
  volume={60},
  number={6},
  pages={733--740},
  year={2013},
  publisher={American Mathematical Society, AMS}
}

@article{loukhaoukha2012secure,
  title={A secure image encryption algorithm based on Rubik's cube principle},
  author={Loukhaoukha, Khaled and Chouinard, Jean-Yves and Berdai, Abdellah},
  journal={Journal of Electrical and Computer Engineering},
  volume={2012},
  number={1},
  pages={173931},
  year={2012},
  publisher={Wiley Online Library}
}


@article{cornock2015teaching,
  title={Teaching group theory using Rubik's cubes},
  author={Cornock, Claire},
  journal={International Journal of Mathematical Education in Science and Technology},
  volume={46},
  number={7},
  pages={957--967},
  year={2015},
  publisher={Taylor \& Francis}
}

@misc{joyner2008adventures,
  title={Adventures in group theory: Rubik's Cube, Merlin's machine, and other mathematical toys},
  author={Joyner, David},
  year={2008},
  publisher={JHU Press},
}

@misc{tao2015expansion,
  title={Expansion in finite simple groups of Lie type},
  author={Tao, Terence},
  volume={164},
  year={2015},
  publisher={American Mathematical Soc.},
}

@misc{gromov1993geometric,
  title={Geometfric Group Theory: Asymptotic invariants of infinite groups},
  author={Gromov, Mikhael},
  volume={2},
  year={1993},
  publisher={Cambridge University Press}
}


@misc{openai2019solvingrubikscuberobot,
      title={Solving Rubik's Cube with a Robot Hand}, 
      author={OpenAI and Ilge Akkaya and Marcin Andrychowicz and Maciek Chociej and Mateusz Litwin and Bob McGrew and Arthur Petron and Alex Paino and Matthias Plappert and Glenn Powell and Raphael Ribas and Jonas Schneider and Nikolas Tezak and Jerry Tworek and Peter Welinder and Lilian Weng and Qiming Yuan and Wojciech Zaremba and Lei Zhang},
      year={2019},
      eprint={1910.07113},
      archivePrefix={arXiv},
      primaryClass={cs.LG},
      url={https://arxiv.org/abs/1910.07113}, 
}

@article{silver2017mastering,
  title={{Mastering the game of Go without human knowledge}},
  author={Silver, David and Schrittwieser, Julian and Simonyan, Karen and Antonoglou, Ioannis and Huang, Aja and Guez, Arthur and Hubert, Thomas and Baker, Lucas and Lai, Matthew and Bolton, Adrian and others},
  journal={Nature},
  volume={550},
  number={7676},
  pages={354--359},
  year={2017},
  publisher={Nature Publishing Group},
  doi={10.1038/nature24270}
}

@article{silver2016mastering,
  title={Mastering the game of Go with deep neural networks and tree search},
  author={Silver, David and Huang, Aja and Maddison, Chris J and Guez, Arthur and Sifre, Laurent and Van Den Driessche, George and Schrittwieser, Julian and Antonoglou, Ioannis and Panneershelvam, Veda and Lanctot, Marc and others},
  journal={nature},
  volume={529},
  number={7587},
  pages={484--489},
  year={2016},
  publisher={Nature Publishing Group}
}
@article{srivastava2014dropout,
  author  = {Nitish Srivastava and Geoffrey Hinton and Alex Krizhevsky and Ilya Sutskever and Ruslan Salakhutdinov},
  title   = {{Dropout: A Simple Way to Prevent Neural Networks from Overfitting}},
  journal = {Journal of Machine Learning Research},
  year    = {2014},
  volume  = {15},
  number  = {56},
  pages   = {1929--1958},
  url     = {http://jmlr.org/papers/v15/srivastava14a.html}
}  



@article{korf1985depth,
  title={Depth-first iterative-deepening: An optimal admissible tree search},
  author={Korf, Richard E},
  journal={Artificial intelligence},
  volume={27},
  number={1},
  pages={97--109},
  year={1985},
  publisher={Elsevier},
  doi={10.1016/0004-3702(85)90084-0}
}

@inproceedings{korf1997finding,
  title={Finding optimal solutions to Rubik's Cube using pattern databases},
  author={Korf, Richard E},
  booktitle={AAAI/IAAI},
  pages={700--705},
  year={1997}
}

@article{johnson2021solving,
  title={{Solving the Rubik's cube with stepwise deep learning}},
  author={Johnson, Colin G},
  journal={Expert Systems},
  volume={38},
  number={3},
  pages={e12665},
  year={2021},
  publisher={Wiley Online Library},
  doi={10.1111/exsy.12665}
}

@article{
takano2023selfsupervision,
title={{Self-Supervision is All You Need for Solving Rubik{\textquoteright}s Cube}},
author={Kyo Takano},
journal={Transactions on Machine Learning Research},
issn={2835-8856},
year={2023},
url={https://openreview.net/forum?id=bnBeNFB27b},
note={}
}

@article{coifman2006diffusion,
  title={Diffusion maps},
  author={Coifman, Ronald R and Lafon, St{\'e}phane},
  journal={Applied and computational harmonic analysis},
  volume={21},
  number={1},
  pages={5--30},
  year={2006},
  publisher={Elsevier}
}



@inproceedings{amrutha2022deep,
author="Amrutha, B. V.
and Srinath, Ramamoorthy",
editor="Kumar, Amit
and Senatore, Sabrina
and Gunjan, Vinit Kumar",
title="Deep Learning Models for Rubik's Cube with Entropy Modelling",
booktitle="ICDSMLA 2020",
year="2022",
publisher="Springer Singapore",
address="Singapore",
pages="35--43",
isbn="978-981-16-3690-5",
doi={10.1007/978-981-16-3690-5_4}
}


@article{hirata2024probabilistic,
  title={{Probabilistic estimates of the diameters of the Rubik's Cube groups}},
  author={Hirata, So},
  journal={arXiv preprint arXiv:2404.07337},
  doi={10.48550/arXiv.2404.07337},
  year={2024}
}


@article{busato2015efficient,
  author={Busato, Federico and Bombieri, Nicola},
  journal={IEEE Transactions on Parallel and Distributed Systems}, 
  title={{An Efficient Implementation of the Bellman-Ford Algorithm for Kepler GPU Architectures}}, 
  year={2016},
  volume={27},
  number={8},
  pages={2222-2233},
  doi={10.1109/TPDS.2015.2485994}
}

@article{hancock2020survey,
  title={Survey on categorical data for neural networks},
  author={Hancock, John T and Khoshgoftaar, Taghi M},
  journal={Journal of big data},
  volume={7},
  number={1},
  pages={28},
  year={2020},
  publisher={Springer},
  doi={10.1186/s40537-020-00305-w}
}


@inproceedings{johnson2018solving,
  author={Johnson, Colin G.},
  booktitle={2018 IEEE Symposium Series on Computational Intelligence (SSCI)}, 
  title={{Solving the Rubik’s Cube with Learned Guidance Functions}}, 
  year={2018},
  volume={},
  number={},
  pages={2082-2089},
  doi={10.1109/SSCI.2018.8628626}
}
@inproceedings{brunetto2017deep,
  title={{Deep Heuristic-learning in the Rubik's Cube Domain: An Experimental Evaluation}},
  author={Robert Brunetto and Otakar Trunda},
  booktitle={Conference on Theory and Practice of Information Technologies},
  year={2017},
  url={https://api.semanticscholar.org/CorpusID:43844127}
}

@article{Rokicki2014Diameter,
author = {Rokicki, Tomas and Kociemba, Herbert and Davidson, Morley and Dethridge, John},
title = {{The Diameter of the Rubik's Cube Group Is Twenty}},
journal = {SIAM Review},
volume = {56},
number = {4},
pages = {645-670},
year = {2014},
doi = {10.1137/140973499}
}

@inproceedings{he2016deep,
  title={Deep residual learning for image recognition},
  author={He, Kaiming and Zhang, Xiangyu and Ren, Shaoqing and Sun, Jian},
  booktitle={Proceedings of the IEEE conference on computer vision and pattern recognition},
  pages={770--778},
  year={2016},
  doi={10.1109/CVPR.2016.90}
}

@inproceedings{bjorck2018understanding,
 title = {Understanding Batch Normalization},
 author = {Bjorck, Nils and Gomes, Carla P and Selman, Bart and Weinberger, Kilian Q},
 booktitle = {Advances in Neural Information Processing Systems},
 publisher = {Curran Associates, Inc.}, 
 address="New York",
 volume = {31},
 year = {2018}
}



@InProceedings{demaine_et_al:LIPIcs.STACS.2018.24,
  author =	{Demaine, Erik D. and Eisenstat, Sarah and Rudoy, Mikhail},
  title =	{{Solving the Rubik's Cube Optimally is NP-complete}},
  booktitle =	{35th Symposium on Theoretical Aspects of Computer Science (STACS 2018)},
  pages =	{24:1--24:13},
  series =	{Leibniz International Proceedings in Informatics (LIPIcs)},
  ISBN =	{978-3-95977-062-0},
  ISSN =	{1868-8969},
  year =	{2018},
  volume =	{96},
  editor =	{Niedermeier, Rolf and Vall\'{e}e, Brigitte},
  publisher =	{Schloss Dagstuhl -- Leibniz-Zentrum f{\"u}r Informatik},
  address =	{Dagstuhl, Germany},
  URL =		{https://drops.dagstuhl.de/entities/document/10.4230/LIPIcs.STACS.2018.24},
  URN =		{urn:nbn:de:0030-drops-85336},
  doi =		{10.4230/LIPIcs.STACS.2018.24},
  annote =	{Keywords: combinatorial puzzles, NP-hardness, group theory, Hamiltonicity}
}

@InProceedings{demaine2018solving,
  author =	{Demaine, Erik D. and Eisenstat, Sarah and Rudoy, Mikhail},
  title =	{{Solving the Rubik's Cube Optimally is NP-complete}},
  booktitle =	{35th Symposium on Theoretical Aspects of Computer Science (STACS 2018)},
  pages =	{24:1--24:13},
  series =	{Leibniz International Proceedings in Informatics (LIPIcs)},
  ISBN =	{978-3-95977-062-0},
  ISSN =	{1868-8969},
  year =	{2018},
  volume =	{96},
  editor =	{Niedermeier, Rolf and Vall\'{e}e, Brigitte},
  publisher =	{Schloss Dagstuhl -- Leibniz-Zentrum f{\"u}r Informatik},
  address =	{Dagstuhl, Germany},
  URL =		{https://drops.dagstuhl.de/entities/document/10.4230/LIPIcs.STACS.2018.24},
  URN =		{urn:nbn:de:0030-drops-85336},
  doi =		{10.4230/LIPIcs.STACS.2018.24}
}


@article{knuth1991efficient,
  title={Efficient representation of perm groups},
  author={Knuth, Donald E},
  journal={Combinatorica},
  volume={11},
  number={1},
  pages={33--43},
  year={1991},
  publisher={Springer}
}


@inproceedings{sims1970computational,
  title={Computational methods in the study of permutation groups},
  author={Sims, Charles C},
  booktitle={Computational problems in abstract algebra},
  pages={169--183},
  year={1970},
  organization={Elsevier}
}

@article{babai1992diameter,
  title={On the diameter of permutation groups},
  author={Babai, L{\'a}szl{\'o} and Seress, {\'A}kos},
  journal={European journal of combinatorics},
  volume={13},
  number={4},
  pages={231--243},
  year={1992},
  publisher={Elsevier}
}

@article{helfgott2014diameter,
  title={On the diameter of permutation groups},
  author={Helfgott, Harald A and Seress, {\'A}kos},
  journal={Annals of mathematics},
  pages={611--658},
  year={2014},
  publisher={JSTOR}
}

@article{helfgott2019growth,
  title={Growth in linear algebraic groups and permutation groups: towards a unified perspective},
  author={Helfgott, Harald A},
  journal={Groups St Andrews 2017 in Birmingham},
  volume={455},
  pages={300},
  year={2019},
  publisher={Cambridge University Press Cambridge}
}

@article{helfgott2015random,
  title={Random generators of the symmetric group: diameter, mixing time and spectral gap},
  author={Helfgott, Harald A and Seress, {\'A}kos and Zuk, Andrzej},
  journal={Journal of Algebra},
  volume={421},
  pages={349--368},
  year={2015},
  publisher={Elsevier}
}


@inproceedings{pan2021fourier,
  title={Fourier Bases for Solving Permutation Puzzles},
  author={Pan, Horace and Kondor, Risi},
  booktitle={International Conference on Artificial Intelligence and Statistics},
  pages={172--180},
  year={2021},
  organization={PMLR}
}

@inproceedings{swan2017harmonic,
  title={Harmonic analysis and resynthesis of Sliding-Tile Puzzle heuristics},
  author={Swan, Jerry},
  booktitle={2017 IEEE Congress on Evolutionary Computation (CEC)},
  pages={516--524},
  year={2017},
  organization={IEEE}
}

 @inproceedings{fiat1989planning,
  title={Planning and learning in permutation groups},
  author={Fiat, Amos and Moses, Shahar and Shamir, Adi and Shimshoni, Ilan and Tardos, G{\'a}bor},
  booktitle={30th Annual Symposium on Foundations of Computer Science},
  pages={274--279},
  year={1989},
  organization={IEEE Computer Society}
}

@article{wilson2024cayley,
  title={Cayley graph propagation},
  author={Wilson, JJ and Bechler-Speicher, Maya and Veli{\v{c}}kovi{\'c}, Petar},
  journal={arXiv preprint arXiv:2410.03424},
  year={2024}
}

@article{oliveira2024rearrangement,
  title={Rearrangement distance problems: an updated survey},
  author={Oliveira, Andre Rodrigues and Brito, Klairton Lima and Alexandrino, Alexsandro Oliveira and Siqueira, Gabriel and Dias, Ulisses and Dias, Zanoni},
  journal={ACM Computing Surveys},
  volume={56},
  number={8},
  pages={1--27},
  year={2024},
  publisher={ACM New York, NY}
}

@misc{GAPcube333,
  title={{Analyzing Rubik's Cube with GAP}},
  author={Martin Schonert},
  url={https://www.math.rwth-aachen.de/homes/GAP/WWW2/Doc/Examples/rubik.html}
}

@misc{kainberger2018using,
  title={Using Group Theory for solving Rubik’s Cube},
  author={Kainberger, Paul and Aichinger, Erhard},
  year={2018},
  url={http://www.algebra.uni-linz.ac.at/Projects/FurtherProjects/Kainberger/Using_Group_Theory_for_solving_Rubik's_Cube.pdf}
}

@misc{speedsolving,
    title = { Speedsolving.com Wiki},
    author= { Speedsolving.com community},
    url={https://www.speedsolving.com/wiki/index.php?title=List_of_Unofficial_World_Records#Big_cubes},
}

@book{guinness2024,
  author    = { Guinness World Records },
  title     = {Guinness World Records 2024},
  url={https://www.guinnessworldrecords.com/world-records/largest-order-rubiks-magic-cube},
  year      = {2024},
  publisher = {Guinness World Records Limited},
  address   = {London, UK},
  isbn      = {9781913484375}
}

@article{lample2019deep,
  title={Deep learning for symbolic mathematics},
  author={Lample, Guillaume and Charton, Fran{\c{c}}ois},
  journal={arXiv preprint arXiv:1912.01412},
  year={2019}
}

@article{charton2024patternboost,
  title={PatternBoost: Constructions in Mathematics with a Little Help from AI},
  author={Charton, Fran{\c{c}}ois and Ellenberg, Jordan S and Wagner, Adam Zsolt and Williamson, Geordie},
  journal={arXiv preprint arXiv:2411.00566},
  year={2024}
}

@article{davies2021advancing,
  title={Advancing mathematics by guiding human intuition with AI},
  author={Davies, Alex and Veli{\v{c}}kovi{\'c}, Petar and Buesing, Lars and Blackwell, Sam and Zheng, Daniel and Toma{\v{s}}ev, Nenad and Tanburn, Richard and Battaglia, Peter and Blundell, Charles and Juh{\'a}sz, Andr{\'a}s and others},
  journal={Nature},
  volume={600},
  number={7887},
  pages={70--74},
  year={2021},
  publisher={Nature Publishing Group}
}

@article{romera2024mathematical,
  title={Mathematical discoveries from program search with large language models},
  author={Romera-Paredes, Bernardino and Barekatain, Mohammadamin and Novikov, Alexander and Balog, Matej and Kumar, M Pawan and Dupont, Emilien and Ruiz, Francisco JR and Ellenberg, Jordan S and Wang, Pengming and Fawzi, Omar and others},
  journal={Nature},
  volume={625},
  number={7995},
  pages={468--475},
  year={2024},
  publisher={Nature Publishing Group UK London}
}

@article{shehper2024makes,
  title={What makes math problems hard for reinforcement learning: a case study},
  author={Shehper, Ali and Medina-Mardones, Anibal M and Lewandowski, Bart{\l}omiej and Gruen, Angus and Kucharski, Piotr and Gukov, Sergei},
  journal={arXiv preprint arXiv:2408.15332},
  year={2024}
}

@article{andrews1965free,
  title={Free groups and handlebodies},
  author={Andrews, James J and Curtis, Morton L},
  journal={Proceedings of the American Mathematical Society},
  volume={16},
  number={2},
  pages={192--195},
  year={1965},
  publisher={JSTOR}
}

@article{akbulut1985potential,
  title={A potential smooth counterexample in dimension 4 to the Poincar{\'e} conjecture, the Schoenflies conjecture, and the Andrews--Curtis conjecture},
  author={Akbulut, Selman and Kirby, Robion},
  journal={Topology},
  volume={24},
  number={4},
  pages={375--390},
  year={1985},
  publisher={Pergamon}
}

@article{alfarano2024global,
  title={Global Lyapunov functions: a long-standing open problem in mathematics, with symbolic transformers},
  author={Alfarano, Alberto and Charton, Fran{\c{c}}ois and Hayat, Amaury},
  journal={arXiv preprint arXiv:2410.08304},
  year={2024}
}


@article{bulteau2019parameterized,
  title={Parameterized algorithms in bioinformatics: an overview},
  author={Bulteau, Laurent and Weller, Mathias},
  journal={Algorithms},
  volume={12},
  number={12},
  pages={256},
  year={2019},
  publisher={MDPI}
}

@article{akers1989group,
  title={A group-theoretic model for symmetric interconnection networks},
  author={Akers, Sheldon B. and Krishnamurthy, Balakrishnan},
  journal={IEEE transactions on Computers},
  volume={38},
  number={4},
  pages={555--566},
  year={1989},
  publisher={IEEE}
}

@misc{Reid1997Optimal,
  title={Optimal Rubik's cube solver},
  author={Michael Reid},
  url={ https://www.cflmath.com/Rubik/optimal_solver.html}
}

@misc{HKociemba2021,
  title={RubiksCube-OptimalSolver},
  author={Herbert Kociemba},
  url={https://pypi.org/project/RubikOptimal/}
}

@misc{Skalskivcube,
  title={vcube},
  author={Andrew Skalski},
  url={https://github.com/Voltara/vcube}
}

@incollection{saloff2004random,
  title={Random walks on finite groups},
  author={Saloff-Coste, Laurent},
  booktitle={Probability on discrete structures},
  pages={263--346},
  year={2004},
  publisher={Springer}
}

@article{lovasz1993random,
  title={Random walks on graphs},
  author={Lov{\'a}sz, L{\'a}szl{\'o}},
  journal={Combinatorics, Paul erdos is eighty},
  volume={2},
  number={1-46},
  pages={4},
  year={1993}
}

@inproceedings{erschler2010poisson,
  title={Poisson-Furstenberg boundaries, large-scale geometry and growth of groups},
  author={Erschler, Anna},
  booktitle={Proceedings of the International Congress of Mathematicians 2010 (ICM 2010) (In 4 Volumes) Vol. I: Plenary Lectures and Ceremonies Vols. II--IV: Invited Lectures},
  pages={681--704},
  year={2010},
  organization={World Scientific}
}


@article{bonzio2017first,
  title={The first law of cubology for the Rubik’s Revenge},
  author={Bonzio, Stefano and Loi, Andrea and Peruzzi, Luisa},
  journal={Mathematica Slovaca},
  volume={67},
  number={3},
  pages={561--572},
  year={2017},
  publisher={De Gruyter}
}

@book{lyons2017probability,
  title={Probability on trees and networks},
  author={Lyons, Russell and Peres, Yuval},
  volume={42},
  year={2017},
  publisher={Cambridge University Press}
}

@article{borwein2010random,
  title={Random walks in the plane},
  author={Borwein, Jonathan M and Nuyens, Dirk and Straub, Armin and Wan, James},
  journal={Discrete Mathematics \& Theoretical Computer Science},
  number={Proceedings},
  year={2010},
  publisher={Episciences. org}
}

@article{broadhurst2009bessel,
  title={Bessel moments, random walks and Calabi-Yau equations},
  author={Broadhurst, David},
  journal={Preprint, November},
  year={2009}
}

@article{borwein2013mahler,
  title={Mahler measures, short walks and log-sine integrals},
  author={Borwein, Jonathan M and Straub, Armin},
  journal={Theoretical Computer Science},
  volume={479},
  pages={4--21},
  year={2013},
  publisher={Elsevier}
}

@article{chen2018long,
  title={Long range random walks and associated geometries on groups of polynomial growth},
  author={Chen, Zhen-Qing and Kumagai, Takashi and Saloff-Coste, Laurent and Wang, Jian and Zheng, Tianyi},
  journal={arXiv preprint arXiv:1807.00354},
  year={2018}
}

@article{gromov1981groups,
  title={Groups of polynomial growth and expanding maps (with an appendix by Jacques Tits)},
  author={Gromov, Michael},
  journal={Publications Math{\'e}matiques de l'IH{\'E}S},
  volume={53},
  pages={53--78},
  year={1981}
}

@inproceedings{chen1999lifting,
  title={Lifting Markov chains to speed up mixing},
  author={Chen, Fang and Lov{\'a}sz, L{\'a}szl{\'o} and Pak, Igor},
  booktitle={Proceedings of the thirty-first annual ACM symposium on Theory of computing},
  pages={275--281},
  year={1999}
}

@article{alon2007non,
  title={Non-backtracking random walks mix faster},
  author={Alon, Noga and Benjamini, Itai and Lubetzky, Eyal and Sodin, Sasha},
  journal={Communications in Contemporary Mathematics},
  volume={9},
  number={04},
  pages={585--603},
  year={2007},
  publisher={World Scientific}
}

@article{qu2024rubik,
  title={Rubik's Cube Scrambling Requires at Least 26 Random Moves},
  author={Qu, Yanlin and Rokicki, Tomas and Yang, Hillary},
  journal={arXiv preprint arXiv:2410.20630},
  year={2024}
}

@article{diaconis2013some,
  title={Some things we’ve learned (about Markov chain Monte Carlo)},
  author={Diaconis, Persi},
  year={2013}
}


@article{alekseev2019language,
  title={The language of geodesics for the discrete Heisenberg group},
  author={Alekseev, Ilya and Magdiev, Ruslan},
  journal={arXiv preprint arXiv:1905.03226},
  year={2019}
}

@article{lehnert2009some,
  title={Some remarks on depth of dead ends in groups},
  author={Lehnert, J{\"o}rg},
  journal={International Journal of Algebra and Computation},
  volume={19},
  number={04},
  pages={585--594},
  year={2009},
  publisher={World Scientific}
}

@article{heumos2023best,
  title={Best practices for single-cell analysis across modalities},
  author={Heumos, Lukas and Schaar, Anna C and Lance, Christopher and Litinetskaya, Anastasia and Drost, Felix and Zappia, Luke and L{\"u}cken, Malte D and Strobl, Daniel C and Henao, Juan and Curion, Fabiola and others},
  journal={Nature Reviews Genetics},
  volume={24},
  number={8},
  pages={550--572},
  year={2023},
  publisher={Nature Publishing Group UK London}
}

@article{bao2021polytopes,
  title={Polytopes and machine learning},
  author={Bao, Jiakang and He, Yang-Hui and Hirst, Edward and Hofscheier, Johannes and Kasprzyk, Alexander and Majumder, Suvajit},
  journal={arXiv preprint arXiv:2109.09602},
  year={2021}
}

@article{coates2024machine,
  title={Machine learning detects terminal singularities},
  author={Coates, Tom and Kasprzyk, Alexander and Veneziale, Sara},
  journal={Advances in Neural Information Processing Systems},
  volume={36},
  year={2024}
}

@article{douglas2022machine,
  title={Machine learning as a tool in theoretical science},
  author={Douglas, Michael R},
  journal={Nature Reviews Physics},
  volume={4},
  number={3},
  pages={145--146},
  year={2022},
  publisher={Nature Publishing Group UK London}
}

@article{mulholland2016permutation,
  title={Permutation puzzles: a mathematical perspective},
  author={Mulholland, Jamie},
  journal={Departement Of mathematics Simon fraser University},
  year={2016}
}

@article{khandelwal2024towards,
  title={Towards Learning Foundation Models for Heuristic Functions to Solve Pathfinding Problems},
  author={Khandelwal, Vedant and Sheth, Amit and Agostinelli, Forest},
  journal={arXiv preprint arXiv:2406.02598},
  year={2024}
}

@inproceedings{agostinelli2024q,
  title={Q* search: Heuristic search with deep q-networks},
  author={Agostinelli, Forest and Shperberg, Shahaf S and Shmakov, Alexander and McAleer, Stephen and Fox, Roy and Baldi, Pierre},
  booktitle={ICAPS Workshop on Bridging the Gap between AI Planning and Reinforcement Learning},
  year={2024}
}

@inproceedings{kirilenko2023transpath,
  title={Transpath: Learning heuristics for grid-based pathfinding via transformers},
  author={Kirilenko, Daniil and Andreychuk, Anton and Panov, Aleksandr and Yakovlev, Konstantin},
  booktitle={Proceedings of the AAAI Conference on Artificial Intelligence},
  volume={37},
  number={10},
  pages={12436--12443},
  year={2023}
}

@inproceedings{pandy2022learning,
  title={Learning graph search heuristics},
  author={P{\'a}ndy, Michal and Qiu, Weikang and Corso, Gabriele and Veli{\v{c}}kovi{\'c}, Petar and Ying, Zhitao and Leskovec, Jure and Li{\`o}, Pietro},
  booktitle={Learning on Graphs Conference},
  pages={10--1},
  year={2022},
  organization={PMLR}
}